%YAML 1.1
%TAG !u! tag:unity3d.com,2011:
--- !u!1 &5598559467167178907
GameObject:
  m_ObjectHideFlags: 0
  m_CorrespondingSourceObject: {fileID: 0}
  m_PrefabInstance: {fileID: 0}
  m_PrefabAsset: {fileID: 0}
  serializedVersion: 6
  m_Component:
  - component: {fileID: 1180823924649238435}
  - component: {fileID: 3949223235116710241}
  - component: {fileID: 5348934889270790162}
  m_Layer: 5
  m_Name: Image
  m_TagString: Untagged
  m_Icon: {fileID: 0}
  m_NavMeshLayer: 0
  m_StaticEditorFlags: 0
  m_IsActive: 1
--- !u!224 &1180823924649238435
RectTransform:
  m_ObjectHideFlags: 0
  m_CorrespondingSourceObject: {fileID: 0}
  m_PrefabInstance: {fileID: 0}
  m_PrefabAsset: {fileID: 0}
  m_GameObject: {fileID: 5598559467167178907}
  m_LocalRotation: {x: -0.21643952, y: 0, z: 0, w: 0.97629607}
  m_LocalPosition: {x: 0, y: 0, z: 0}
  m_LocalScale: {x: 0.5, y: 0.5, z: 0.5}
  m_Children:
  - {fileID: 8746542706987322406}
  m_Father: {fileID: 9044690112505077958}
  m_RootOrder: 0
  m_LocalEulerAnglesHint: {x: -25, y: 0, z: 0}
  m_AnchorMin: {x: 0.5, y: 0.5}
  m_AnchorMax: {x: 0.5, y: 0.5}
  m_AnchoredPosition: {x: 0, y: 0}
  m_SizeDelta: {x: 670.4762, y: 110}
  m_Pivot: {x: 0.5, y: 0.5}
--- !u!222 &3949223235116710241
CanvasRenderer:
  m_ObjectHideFlags: 0
  m_CorrespondingSourceObject: {fileID: 0}
  m_PrefabInstance: {fileID: 0}
  m_PrefabAsset: {fileID: 0}
  m_GameObject: {fileID: 5598559467167178907}
  m_CullTransparentMesh: 1
--- !u!114 &5348934889270790162
MonoBehaviour:
  m_ObjectHideFlags: 0
  m_CorrespondingSourceObject: {fileID: 0}
  m_PrefabInstance: {fileID: 0}
  m_PrefabAsset: {fileID: 0}
  m_GameObject: {fileID: 5598559467167178907}
  m_Enabled: 1
  m_EditorHideFlags: 0
  m_Script: {fileID: 11500000, guid: fe87c0e1cc204ed48ad3b37840f39efc, type: 3}
  m_Name: 
  m_EditorClassIdentifier: 
  m_Material: {fileID: 2100000, guid: fb258a5f70831e544a50c35d92d56973, type: 2}
  m_Color: {r: 1, g: 1, b: 1, a: 1}
  m_RaycastTarget: 1
  m_RaycastPadding: {x: 0, y: 0, z: 0, w: 0}
  m_Maskable: 1
  m_OnCullStateChanged:
    m_PersistentCalls:
      m_Calls: []
  m_Sprite: {fileID: 21300000, guid: 00cc5b621dd46ab40a1e36fa7bade836, type: 3}
  m_Type: 0
  m_PreserveAspect: 0
  m_FillCenter: 1
  m_FillMethod: 4
  m_FillAmount: 1
  m_FillClockwise: 1
  m_FillOrigin: 0
  m_UseSpriteMesh: 0
  m_PixelsPerUnitMultiplier: 1
--- !u!1 &5731171181583939128
GameObject:
  m_ObjectHideFlags: 0
  m_CorrespondingSourceObject: {fileID: 0}
  m_PrefabInstance: {fileID: 0}
  m_PrefabAsset: {fileID: 0}
  serializedVersion: 6
  m_Component:
  - component: {fileID: 5731171181583939134}
  - component: {fileID: 5731171181583939129}
  m_Layer: 0
  m_Name: vr_hand_r
  m_TagString: Untagged
  m_Icon: {fileID: 0}
  m_NavMeshLayer: 0
  m_StaticEditorFlags: 0
  m_IsActive: 1
--- !u!4 &5731171181583939134
Transform:
  m_ObjectHideFlags: 0
  m_CorrespondingSourceObject: {fileID: 0}
  m_PrefabInstance: {fileID: 0}
  m_PrefabAsset: {fileID: 0}
  m_GameObject: {fileID: 5731171181583939128}
  m_LocalRotation: {x: 0, y: 0, z: 0, w: 1}
  m_LocalPosition: {x: 0, y: 0, z: 0}
  m_LocalScale: {x: 1, y: 1, z: 1}
  m_Children:
  - {fileID: 5189145874704064587}
  - {fileID: 5189145874936917832}
  - {fileID: 5189145876692113231}
  - {fileID: 5731171181902382820}
  - {fileID: 9044690112505077958}
  m_Father: {fileID: 0}
  m_RootOrder: 0
  m_LocalEulerAnglesHint: {x: 0, y: 0, z: 0}
--- !u!114 &5731171181583939129
MonoBehaviour:
  m_ObjectHideFlags: 0
  m_CorrespondingSourceObject: {fileID: 0}
  m_PrefabInstance: {fileID: 0}
  m_PrefabAsset: {fileID: 0}
  m_GameObject: {fileID: 5731171181583939128}
  m_Enabled: 1
  m_EditorHideFlags: 0
  m_Script: {fileID: 11500000, guid: 5f8d3aec8eff91a4b99296c37f3316f1, type: 3}
  m_Name: 
  m_EditorClassIdentifier: 
  hand: 1
  fireExtinguishe:
  - {fileID: 4848226165205973745}
  - {fileID: 4848226164839036402}
  - {fileID: 4848226166304853493}
  displayMode: 0
  wire: {fileID: 0}
--- !u!1 &5731171181902382823
GameObject:
  m_ObjectHideFlags: 0
  m_CorrespondingSourceObject: {fileID: 0}
  m_PrefabInstance: {fileID: 0}
  m_PrefabAsset: {fileID: 0}
  serializedVersion: 6
  m_Component:
  - component: {fileID: 5731171181902382820}
  m_Layer: 0
  m_Name: Obi_anchor_r
  m_TagString: Untagged
  m_Icon: {fileID: 0}
  m_NavMeshLayer: 0
  m_StaticEditorFlags: 0
  m_IsActive: 1
--- !u!4 &5731171181902382820
Transform:
  m_ObjectHideFlags: 0
  m_CorrespondingSourceObject: {fileID: 0}
  m_PrefabInstance: {fileID: 0}
  m_PrefabAsset: {fileID: 0}
  m_GameObject: {fileID: 5731171181902382823}
  m_LocalRotation: {x: -0, y: -0.7071068, z: 0, w: -0.7071068}
  m_LocalPosition: {x: 0, y: 0, z: 0}
  m_LocalScale: {x: 1, y: 1, z: 1}
  m_Children: []
  m_Father: {fileID: 5731171181583939134}
  m_RootOrder: 3
  m_LocalEulerAnglesHint: {x: 0, y: -270, z: 0}
--- !u!1 &7208577529036586048
GameObject:
  m_ObjectHideFlags: 0
  m_CorrespondingSourceObject: {fileID: 0}
  m_PrefabInstance: {fileID: 0}
  m_PrefabAsset: {fileID: 0}
  serializedVersion: 6
  m_Component:
  - component: {fileID: 8746542706987322406}
  - component: {fileID: 172776590895123412}
  - component: {fileID: 3128794320621371116}
  m_Layer: 5
  m_Name: Text
  m_TagString: Untagged
  m_Icon: {fileID: 0}
  m_NavMeshLayer: 0
  m_StaticEditorFlags: 0
  m_IsActive: 1
--- !u!224 &8746542706987322406
RectTransform:
  m_ObjectHideFlags: 0
  m_CorrespondingSourceObject: {fileID: 0}
  m_PrefabInstance: {fileID: 0}
  m_PrefabAsset: {fileID: 0}
  m_GameObject: {fileID: 7208577529036586048}
  m_LocalRotation: {x: -0, y: -0, z: -0, w: 1}
  m_LocalPosition: {x: 0, y: 0, z: 0}
  m_LocalScale: {x: 1, y: 1, z: 1}
  m_Children: []
  m_Father: {fileID: 1180823924649238435}
  m_RootOrder: 0
  m_LocalEulerAnglesHint: {x: 0, y: 0, z: 0}
  m_AnchorMin: {x: 0, y: 0}
  m_AnchorMax: {x: 1, y: 1}
  m_AnchoredPosition: {x: 0, y: 0}
  m_SizeDelta: {x: 0, y: 0}
  m_Pivot: {x: 0.5, y: 0.5}
--- !u!222 &172776590895123412
CanvasRenderer:
  m_ObjectHideFlags: 0
  m_CorrespondingSourceObject: {fileID: 0}
  m_PrefabInstance: {fileID: 0}
  m_PrefabAsset: {fileID: 0}
  m_GameObject: {fileID: 7208577529036586048}
  m_CullTransparentMesh: 1
--- !u!114 &3128794320621371116
MonoBehaviour:
  m_ObjectHideFlags: 0
  m_CorrespondingSourceObject: {fileID: 0}
  m_PrefabInstance: {fileID: 0}
  m_PrefabAsset: {fileID: 0}
  m_GameObject: {fileID: 7208577529036586048}
  m_Enabled: 1
  m_EditorHideFlags: 0
  m_Script: {fileID: 11500000, guid: 5f7201a12d95ffc409449d95f23cf332, type: 3}
  m_Name: 
  m_EditorClassIdentifier: 
  m_Material: {fileID: 2100000, guid: fb258a5f70831e544a50c35d92d56973, type: 2}
  m_Color: {r: 0.19607843, g: 0.19607843, b: 0.19607843, a: 1}
  m_RaycastTarget: 1
  m_RaycastPadding: {x: 0, y: 0, z: 0, w: 0}
  m_Maskable: 1
  m_OnCullStateChanged:
    m_PersistentCalls:
      m_Calls: []
  m_FontData:
    m_Font: {fileID: 10102, guid: 0000000000000000e000000000000000, type: 0}
    m_FontSize: 60
    m_FontStyle: 0
    m_BestFit: 0
    m_MinSize: 6
    m_MaxSize: 69
    m_Alignment: 4
    m_AlignByGeometry: 0
    m_RichText: 1
    m_HorizontalOverflow: 0
    m_VerticalOverflow: 0
    m_LineSpacing: 1
  m_Text: "\u4E8C\u6C27\u5316\u78B3\u6EC5\u706B\u5668\u6A21\u5F0F"
--- !u!1 &8736664388133900483
GameObject:
  m_ObjectHideFlags: 0
  m_CorrespondingSourceObject: {fileID: 0}
  m_PrefabInstance: {fileID: 0}
  m_PrefabAsset: {fileID: 0}
  serializedVersion: 6
  m_Component:
  - component: {fileID: 9044690112505077958}
  - component: {fileID: 325593191393945043}
  - component: {fileID: 436487374567553699}
  - component: {fileID: 9206803321090259969}
  m_Layer: 5
  m_Name: Canvas
  m_TagString: Untagged
  m_Icon: {fileID: 0}
  m_NavMeshLayer: 0
  m_StaticEditorFlags: 0
  m_IsActive: 1
--- !u!224 &9044690112505077958
RectTransform:
  m_ObjectHideFlags: 0
  m_CorrespondingSourceObject: {fileID: 0}
  m_PrefabInstance: {fileID: 0}
  m_PrefabAsset: {fileID: 0}
  m_GameObject: {fileID: 8736664388133900483}
  m_LocalRotation: {x: 0.7071068, y: -0, z: -0, w: 0.7071068}
  m_LocalPosition: {x: 0, y: 0, z: 0}
  m_LocalScale: {x: 0.001, y: 0.001, z: 0.001}
  m_Children:
  - {fileID: 1180823924649238435}
  m_Father: {fileID: 5731171181583939134}
  m_RootOrder: 4
  m_LocalEulerAnglesHint: {x: 90, y: 0, z: 0}
  m_AnchorMin: {x: 0.5, y: 0.5}
  m_AnchorMax: {x: 0.5, y: 0.5}
  m_AnchoredPosition: {x: 0, y: 0.0801}
  m_SizeDelta: {x: 100, y: 100}
  m_Pivot: {x: 0.5, y: 0.5}
--- !u!223 &325593191393945043
Canvas:
  m_ObjectHideFlags: 0
  m_CorrespondingSourceObject: {fileID: 0}
  m_PrefabInstance: {fileID: 0}
  m_PrefabAsset: {fileID: 0}
  m_GameObject: {fileID: 8736664388133900483}
  m_Enabled: 1
  serializedVersion: 3
  m_RenderMode: 2
  m_Camera: {fileID: 0}
  m_PlaneDistance: 100
  m_PixelPerfect: 0
  m_ReceivesEvents: 1
  m_OverrideSorting: 0
  m_OverridePixelPerfect: 0
  m_SortingBucketNormalizedSize: 0
  m_AdditionalShaderChannelsFlag: 0
  m_SortingLayerID: 0
  m_SortingOrder: 0
  m_TargetDisplay: 0
--- !u!114 &436487374567553699
MonoBehaviour:
  m_ObjectHideFlags: 0
  m_CorrespondingSourceObject: {fileID: 0}
  m_PrefabInstance: {fileID: 0}
  m_PrefabAsset: {fileID: 0}
  m_GameObject: {fileID: 8736664388133900483}
  m_Enabled: 1
  m_EditorHideFlags: 0
  m_Script: {fileID: 11500000, guid: 0cd44c1031e13a943bb63640046fad76, type: 3}
  m_Name: 
  m_EditorClassIdentifier: 
  m_UiScaleMode: 0
  m_ReferencePixelsPerUnit: 100
  m_ScaleFactor: 1
  m_ReferenceResolution: {x: 800, y: 600}
  m_ScreenMatchMode: 0
  m_MatchWidthOrHeight: 0
  m_PhysicalUnit: 3
  m_FallbackScreenDPI: 96
  m_DefaultSpriteDPI: 96
  m_DynamicPixelsPerUnit: 1
  m_PresetInfoIsWorld: 1
--- !u!114 &9206803321090259969
MonoBehaviour:
  m_ObjectHideFlags: 0
  m_CorrespondingSourceObject: {fileID: 0}
  m_PrefabInstance: {fileID: 0}
  m_PrefabAsset: {fileID: 0}
  m_GameObject: {fileID: 8736664388133900483}
  m_Enabled: 1
  m_EditorHideFlags: 0
  m_Script: {fileID: 11500000, guid: dc42784cf147c0c48a680349fa168899, type: 3}
  m_Name: 
  m_EditorClassIdentifier: 
  m_IgnoreReversedGraphics: 1
  m_BlockingObjects: 0
  m_BlockingMask:
    serializedVersion: 2
    m_Bits: 4294967295
--- !u!1001 &4909895103198646531
PrefabInstance:
  m_ObjectHideFlags: 0
  serializedVersion: 2
  m_Modification:
    m_TransformParent: {fileID: 5189145876692113231}
    m_Modifications:
    - target: {fileID: 2718829690523666176, guid: b508f3f81f96aa944972fcc37e010b7e, type: 3}
      propertyPath: m_Name
      value: Foam
      objectReference: {fileID: 0}
    - target: {fileID: 2718829690523666177, guid: b508f3f81f96aa944972fcc37e010b7e, type: 3}
      propertyPath: m_SortingOrder
      value: -1
      objectReference: {fileID: 0}
    - target: {fileID: 2718829690523666190, guid: b508f3f81f96aa944972fcc37e010b7e, type: 3}
      propertyPath: CollisionModule.collidesWith.m_Bits
      value: 1792
      objectReference: {fileID: 0}
    - target: {fileID: 2718829690523666191, guid: b508f3f81f96aa944972fcc37e010b7e, type: 3}
      propertyPath: m_RootOrder
      value: 0
      objectReference: {fileID: 0}
    - target: {fileID: 2718829690523666191, guid: b508f3f81f96aa944972fcc37e010b7e, type: 3}
      propertyPath: m_LocalPosition.x
      value: 0
      objectReference: {fileID: 0}
    - target: {fileID: 2718829690523666191, guid: b508f3f81f96aa944972fcc37e010b7e, type: 3}
      propertyPath: m_LocalPosition.y
      value: 0.002
      objectReference: {fileID: 0}
    - target: {fileID: 2718829690523666191, guid: b508f3f81f96aa944972fcc37e010b7e, type: 3}
      propertyPath: m_LocalPosition.z
      value: -0.2
      objectReference: {fileID: 0}
    - target: {fileID: 2718829690523666191, guid: b508f3f81f96aa944972fcc37e010b7e, type: 3}
      propertyPath: m_LocalRotation.w
      value: 0
      objectReference: {fileID: 0}
    - target: {fileID: 2718829690523666191, guid: b508f3f81f96aa944972fcc37e010b7e, type: 3}
      propertyPath: m_LocalRotation.x
      value: 0
      objectReference: {fileID: 0}
    - target: {fileID: 2718829690523666191, guid: b508f3f81f96aa944972fcc37e010b7e, type: 3}
      propertyPath: m_LocalRotation.y
      value: 1
      objectReference: {fileID: 0}
    - target: {fileID: 2718829690523666191, guid: b508f3f81f96aa944972fcc37e010b7e, type: 3}
      propertyPath: m_LocalRotation.z
      value: 0
      objectReference: {fileID: 0}
    - target: {fileID: 2718829690523666191, guid: b508f3f81f96aa944972fcc37e010b7e, type: 3}
      propertyPath: m_LocalEulerAnglesHint.x
      value: 0
      objectReference: {fileID: 0}
    - target: {fileID: 2718829690523666191, guid: b508f3f81f96aa944972fcc37e010b7e, type: 3}
      propertyPath: m_LocalEulerAnglesHint.y
      value: 180
      objectReference: {fileID: 0}
    - target: {fileID: 2718829690523666191, guid: b508f3f81f96aa944972fcc37e010b7e, type: 3}
      propertyPath: m_LocalEulerAnglesHint.z
      value: 0
      objectReference: {fileID: 0}
    - target: {fileID: 2718829690675057609, guid: b508f3f81f96aa944972fcc37e010b7e, type: 3}
      propertyPath: prewarm
      value: 1
      objectReference: {fileID: 0}
    - target: {fileID: 2718829690675057609, guid: b508f3f81f96aa944972fcc37e010b7e, type: 3}
      propertyPath: lengthInSec
      value: 0.5
      objectReference: {fileID: 0}
    - target: {fileID: 2718829690675057609, guid: b508f3f81f96aa944972fcc37e010b7e, type: 3}
      propertyPath: InitialModule.startLifetime.scalar
      value: 1.5
      objectReference: {fileID: 0}
    - target: {fileID: 2718829690675057609, guid: b508f3f81f96aa944972fcc37e010b7e, type: 3}
      propertyPath: InitialModule.startLifetime.minScalar
      value: 0.6
      objectReference: {fileID: 0}
    - target: {fileID: 2718829690675057609, guid: b508f3f81f96aa944972fcc37e010b7e, type: 3}
      propertyPath: EmissionModule.m_Bursts.Array.data[0].countCurve.maxCurve.m_Curve.Array.data[0].inWeight
      value: 0
      objectReference: {fileID: 0}
    - target: {fileID: 2718829690675057609, guid: b508f3f81f96aa944972fcc37e010b7e, type: 3}
      propertyPath: EmissionModule.m_Bursts.Array.data[0].countCurve.maxCurve.m_Curve.Array.data[1].inWeight
      value: 0
      objectReference: {fileID: 0}
    - target: {fileID: 2718829690675057609, guid: b508f3f81f96aa944972fcc37e010b7e, type: 3}
      propertyPath: EmissionModule.m_Bursts.Array.data[0].countCurve.minCurve.m_Curve.Array.data[0].inWeight
      value: 0
      objectReference: {fileID: 0}
    - target: {fileID: 2718829690675057609, guid: b508f3f81f96aa944972fcc37e010b7e, type: 3}
      propertyPath: EmissionModule.m_Bursts.Array.data[0].countCurve.minCurve.m_Curve.Array.data[1].inWeight
      value: 0
      objectReference: {fileID: 0}
    - target: {fileID: 2718829690675057609, guid: b508f3f81f96aa944972fcc37e010b7e, type: 3}
      propertyPath: EmissionModule.m_Bursts.Array.data[0].countCurve.maxCurve.m_Curve.Array.data[0].outWeight
      value: 0
      objectReference: {fileID: 0}
    - target: {fileID: 2718829690675057609, guid: b508f3f81f96aa944972fcc37e010b7e, type: 3}
      propertyPath: EmissionModule.m_Bursts.Array.data[0].countCurve.maxCurve.m_Curve.Array.data[1].outWeight
      value: 0
      objectReference: {fileID: 0}
    - target: {fileID: 2718829690675057609, guid: b508f3f81f96aa944972fcc37e010b7e, type: 3}
      propertyPath: EmissionModule.m_Bursts.Array.data[0].countCurve.minCurve.m_Curve.Array.data[0].outWeight
      value: 0
      objectReference: {fileID: 0}
    - target: {fileID: 2718829690675057609, guid: b508f3f81f96aa944972fcc37e010b7e, type: 3}
      propertyPath: EmissionModule.m_Bursts.Array.data[0].countCurve.minCurve.m_Curve.Array.data[1].outWeight
      value: 0
      objectReference: {fileID: 0}
    - target: {fileID: 2718829690675057622, guid: b508f3f81f96aa944972fcc37e010b7e, type: 3}
      propertyPath: m_SortingOrder
      value: -1
      objectReference: {fileID: 0}
    - target: {fileID: 2718829690675057622, guid: b508f3f81f96aa944972fcc37e010b7e, type: 3}
      propertyPath: m_RenderAlignment
      value: 1
      objectReference: {fileID: 0}
    - target: {fileID: 8653723474301029719, guid: b508f3f81f96aa944972fcc37e010b7e, type: 3}
      propertyPath: m_SortingOrder
      value: -1
      objectReference: {fileID: 0}
    m_RemovedComponents: []
  m_SourcePrefab: {fileID: 100100000, guid: b508f3f81f96aa944972fcc37e010b7e, type: 3}
--- !u!1001 &5731171181249687716
PrefabInstance:
  m_ObjectHideFlags: 0
  serializedVersion: 2
  m_Modification:
    m_TransformParent: {fileID: 5731171181583939134}
    m_Modifications:
    - target: {fileID: -8679921383154817045, guid: dfb3c9d0f455b434a831e341c13b6325, type: 3}
      propertyPath: m_RootOrder
      value: 2
      objectReference: {fileID: 0}
    - target: {fileID: -8679921383154817045, guid: dfb3c9d0f455b434a831e341c13b6325, type: 3}
      propertyPath: m_LocalPosition.x
      value: -0.000052964955
      objectReference: {fileID: 0}
    - target: {fileID: -8679921383154817045, guid: dfb3c9d0f455b434a831e341c13b6325, type: 3}
      propertyPath: m_LocalPosition.y
      value: 0
      objectReference: {fileID: 0}
    - target: {fileID: -8679921383154817045, guid: dfb3c9d0f455b434a831e341c13b6325, type: 3}
      propertyPath: m_LocalPosition.z
      value: 0
      objectReference: {fileID: 0}
    - target: {fileID: -8679921383154817045, guid: dfb3c9d0f455b434a831e341c13b6325, type: 3}
      propertyPath: m_LocalRotation.w
      value: 0
      objectReference: {fileID: 0}
    - target: {fileID: -8679921383154817045, guid: dfb3c9d0f455b434a831e341c13b6325, type: 3}
      propertyPath: m_LocalRotation.x
      value: 0
      objectReference: {fileID: 0}
    - target: {fileID: -8679921383154817045, guid: dfb3c9d0f455b434a831e341c13b6325, type: 3}
      propertyPath: m_LocalRotation.y
      value: 1
      objectReference: {fileID: 0}
    - target: {fileID: -8679921383154817045, guid: dfb3c9d0f455b434a831e341c13b6325, type: 3}
      propertyPath: m_LocalRotation.z
      value: 0
      objectReference: {fileID: 0}
    - target: {fileID: -8679921383154817045, guid: dfb3c9d0f455b434a831e341c13b6325, type: 3}
      propertyPath: m_LocalEulerAnglesHint.x
      value: 0
      objectReference: {fileID: 0}
    - target: {fileID: -8679921383154817045, guid: dfb3c9d0f455b434a831e341c13b6325, type: 3}
      propertyPath: m_LocalEulerAnglesHint.y
      value: 180
      objectReference: {fileID: 0}
    - target: {fileID: -8679921383154817045, guid: dfb3c9d0f455b434a831e341c13b6325, type: 3}
      propertyPath: m_LocalEulerAnglesHint.z
      value: 0
      objectReference: {fileID: 0}
    - target: {fileID: -7511558181221131132, guid: dfb3c9d0f455b434a831e341c13b6325, type: 3}
      propertyPath: m_Materials.Array.data[0]
      value: 
      objectReference: {fileID: 2100000, guid: 7b6c8c79580f37545bbe1e1d1d00970c, type: 2}
    - target: {fileID: 919132149155446097, guid: dfb3c9d0f455b434a831e341c13b6325, type: 3}
      propertyPath: m_Name
      value: FireExtinguisher_Foam_nozzle
      objectReference: {fileID: 0}
    - target: {fileID: 919132149155446097, guid: dfb3c9d0f455b434a831e341c13b6325, type: 3}
      propertyPath: m_IsActive
      value: 1
      objectReference: {fileID: 0}
    m_RemovedComponents: []
  m_SourcePrefab: {fileID: 100100000, guid: dfb3c9d0f455b434a831e341c13b6325, type: 3}
--- !u!4 &5189145876692113231 stripped
Transform:
  m_CorrespondingSourceObject: {fileID: -8679921383154817045, guid: dfb3c9d0f455b434a831e341c13b6325, type: 3}
  m_PrefabInstance: {fileID: 5731171181249687716}
  m_PrefabAsset: {fileID: 0}
--- !u!1 &4848226166304853493 stripped
GameObject:
  m_CorrespondingSourceObject: {fileID: 919132149155446097, guid: dfb3c9d0f455b434a831e341c13b6325, type: 3}
  m_PrefabInstance: {fileID: 5731171181249687716}
  m_PrefabAsset: {fileID: 0}
--- !u!114 &5731171182234777687
MonoBehaviour:
  m_ObjectHideFlags: 0
  m_CorrespondingSourceObject: {fileID: 0}
  m_PrefabInstance: {fileID: 0}
  m_PrefabAsset: {fileID: 0}
  m_GameObject: {fileID: 4848226166304853493}
  m_Enabled: 1
  m_EditorHideFlags: 0
  m_Script: {fileID: 11500000, guid: 31e3dd9d299152446afd639da93276dc, type: 3}
  m_Name: 
  m_EditorClassIdentifier: 
--- !u!1001 &5731171183004551331
PrefabInstance:
  m_ObjectHideFlags: 0
  serializedVersion: 2
  m_Modification:
    m_TransformParent: {fileID: 5731171181583939134}
    m_Modifications:
    - target: {fileID: -8679921383154817045, guid: 8fb887ea1bc707b419263c59d74492ab, type: 3}
      propertyPath: m_RootOrder
      value: 1
      objectReference: {fileID: 0}
    - target: {fileID: -8679921383154817045, guid: 8fb887ea1bc707b419263c59d74492ab, type: 3}
      propertyPath: m_LocalPosition.x
      value: -0.000050033977
      objectReference: {fileID: 0}
    - target: {fileID: -8679921383154817045, guid: 8fb887ea1bc707b419263c59d74492ab, type: 3}
      propertyPath: m_LocalPosition.y
      value: 0
      objectReference: {fileID: 0}
    - target: {fileID: -8679921383154817045, guid: 8fb887ea1bc707b419263c59d74492ab, type: 3}
      propertyPath: m_LocalPosition.z
      value: 0.09353894
      objectReference: {fileID: 0}
    - target: {fileID: -8679921383154817045, guid: 8fb887ea1bc707b419263c59d74492ab, type: 3}
      propertyPath: m_LocalRotation.w
      value: 0
      objectReference: {fileID: 0}
    - target: {fileID: -8679921383154817045, guid: 8fb887ea1bc707b419263c59d74492ab, type: 3}
      propertyPath: m_LocalRotation.x
      value: 0
      objectReference: {fileID: 0}
    - target: {fileID: -8679921383154817045, guid: 8fb887ea1bc707b419263c59d74492ab, type: 3}
      propertyPath: m_LocalRotation.y
      value: 1
      objectReference: {fileID: 0}
    - target: {fileID: -8679921383154817045, guid: 8fb887ea1bc707b419263c59d74492ab, type: 3}
      propertyPath: m_LocalRotation.z
      value: 0
      objectReference: {fileID: 0}
    - target: {fileID: -8679921383154817045, guid: 8fb887ea1bc707b419263c59d74492ab, type: 3}
      propertyPath: m_LocalEulerAnglesHint.x
      value: 0
      objectReference: {fileID: 0}
    - target: {fileID: -8679921383154817045, guid: 8fb887ea1bc707b419263c59d74492ab, type: 3}
      propertyPath: m_LocalEulerAnglesHint.y
      value: 180
      objectReference: {fileID: 0}
    - target: {fileID: -8679921383154817045, guid: 8fb887ea1bc707b419263c59d74492ab, type: 3}
      propertyPath: m_LocalEulerAnglesHint.z
      value: 0
      objectReference: {fileID: 0}
    - target: {fileID: -7511558181221131132, guid: 8fb887ea1bc707b419263c59d74492ab, type: 3}
      propertyPath: m_Materials.Array.data[0]
      value: 
      objectReference: {fileID: 2100000, guid: 32943140465097e42a8a829679a5a13a, type: 2}
    - target: {fileID: 919132149155446097, guid: 8fb887ea1bc707b419263c59d74492ab, type: 3}
      propertyPath: m_Name
      value: FireExtinguisher_CO2_nozzle
      objectReference: {fileID: 0}
    - target: {fileID: 919132149155446097, guid: 8fb887ea1bc707b419263c59d74492ab, type: 3}
      propertyPath: m_IsActive
      value: 1
      objectReference: {fileID: 0}
    m_RemovedComponents: []
  m_SourcePrefab: {fileID: 100100000, guid: 8fb887ea1bc707b419263c59d74492ab, type: 3}
--- !u!4 &5189145874936917832 stripped
Transform:
  m_CorrespondingSourceObject: {fileID: -8679921383154817045, guid: 8fb887ea1bc707b419263c59d74492ab, type: 3}
  m_PrefabInstance: {fileID: 5731171183004551331}
  m_PrefabAsset: {fileID: 0}
--- !u!1 &4848226164839036402 stripped
GameObject:
  m_CorrespondingSourceObject: {fileID: 919132149155446097, guid: 8fb887ea1bc707b419263c59d74492ab, type: 3}
  m_PrefabInstance: {fileID: 5731171183004551331}
  m_PrefabAsset: {fileID: 0}
--- !u!114 &5731171183206136587
MonoBehaviour:
  m_ObjectHideFlags: 0
  m_CorrespondingSourceObject: {fileID: 0}
  m_PrefabInstance: {fileID: 0}
  m_PrefabAsset: {fileID: 0}
  m_GameObject: {fileID: 4848226164839036402}
  m_Enabled: 1
  m_EditorHideFlags: 0
  m_Script: {fileID: 11500000, guid: 31e3dd9d299152446afd639da93276dc, type: 3}
  m_Name: 
  m_EditorClassIdentifier: 
--- !u!1001 &5731171183237662624
PrefabInstance:
  m_ObjectHideFlags: 0
  serializedVersion: 2
  m_Modification:
    m_TransformParent: {fileID: 5731171181583939134}
    m_Modifications:
    - target: {fileID: -8679921383154817045, guid: 055245beb968f2040b3817c91dfa1b97, type: 3}
      propertyPath: m_RootOrder
      value: 0
      objectReference: {fileID: 0}
    - target: {fileID: -8679921383154817045, guid: 055245beb968f2040b3817c91dfa1b97, type: 3}
      propertyPath: m_LocalPosition.x
      value: 0
      objectReference: {fileID: 0}
    - target: {fileID: -8679921383154817045, guid: 055245beb968f2040b3817c91dfa1b97, type: 3}
      propertyPath: m_LocalPosition.y
      value: 0
      objectReference: {fileID: 0}
    - target: {fileID: -8679921383154817045, guid: 055245beb968f2040b3817c91dfa1b97, type: 3}
      propertyPath: m_LocalPosition.z
      value: 0
      objectReference: {fileID: 0}
    - target: {fileID: -8679921383154817045, guid: 055245beb968f2040b3817c91dfa1b97, type: 3}
      propertyPath: m_LocalRotation.w
      value: 0
      objectReference: {fileID: 0}
    - target: {fileID: -8679921383154817045, guid: 055245beb968f2040b3817c91dfa1b97, type: 3}
      propertyPath: m_LocalRotation.x
      value: 0
      objectReference: {fileID: 0}
    - target: {fileID: -8679921383154817045, guid: 055245beb968f2040b3817c91dfa1b97, type: 3}
      propertyPath: m_LocalRotation.y
      value: 1
      objectReference: {fileID: 0}
    - target: {fileID: -8679921383154817045, guid: 055245beb968f2040b3817c91dfa1b97, type: 3}
      propertyPath: m_LocalRotation.z
      value: 0
      objectReference: {fileID: 0}
    - target: {fileID: -8679921383154817045, guid: 055245beb968f2040b3817c91dfa1b97, type: 3}
      propertyPath: m_LocalEulerAnglesHint.x
      value: 0
      objectReference: {fileID: 0}
    - target: {fileID: -8679921383154817045, guid: 055245beb968f2040b3817c91dfa1b97, type: 3}
      propertyPath: m_LocalEulerAnglesHint.y
      value: 180
      objectReference: {fileID: 0}
    - target: {fileID: -8679921383154817045, guid: 055245beb968f2040b3817c91dfa1b97, type: 3}
      propertyPath: m_LocalEulerAnglesHint.z
      value: 0
      objectReference: {fileID: 0}
    - target: {fileID: -7511558181221131132, guid: 055245beb968f2040b3817c91dfa1b97, type: 3}
      propertyPath: m_Materials.Array.data[0]
      value: 
      objectReference: {fileID: 2100000, guid: 999e607ad2eacd948ae8718a60e4ce8b, type: 2}
    - target: {fileID: 919132149155446097, guid: 055245beb968f2040b3817c91dfa1b97, type: 3}
      propertyPath: m_Name
      value: FireExtinguisher_Powder_nozzle
      objectReference: {fileID: 0}
    - target: {fileID: 919132149155446097, guid: 055245beb968f2040b3817c91dfa1b97, type: 3}
      propertyPath: m_IsActive
      value: 1
      objectReference: {fileID: 0}
    m_RemovedComponents: []
  m_SourcePrefab: {fileID: 100100000, guid: 055245beb968f2040b3817c91dfa1b97, type: 3}
--- !u!1 &4848226165205973745 stripped
GameObject:
  m_CorrespondingSourceObject: {fileID: 919132149155446097, guid: 055245beb968f2040b3817c91dfa1b97, type: 3}
  m_PrefabInstance: {fileID: 5731171183237662624}
  m_PrefabAsset: {fileID: 0}
--- !u!4 &5189145874704064587 stripped
Transform:
  m_CorrespondingSourceObject: {fileID: -8679921383154817045, guid: 055245beb968f2040b3817c91dfa1b97, type: 3}
  m_PrefabInstance: {fileID: 5731171183237662624}
  m_PrefabAsset: {fileID: 0}
--- !u!114 &5731171182936961187
MonoBehaviour:
  m_ObjectHideFlags: 0
  m_CorrespondingSourceObject: {fileID: 0}
  m_PrefabInstance: {fileID: 0}
  m_PrefabAsset: {fileID: 0}
  m_GameObject: {fileID: 4848226165205973745}
  m_Enabled: 1
  m_EditorHideFlags: 0
  m_Script: {fileID: 11500000, guid: 31e3dd9d299152446afd639da93276dc, type: 3}
  m_Name: 
  m_EditorClassIdentifier: 
--- !u!1001 &6740261429944986569
PrefabInstance:
  m_ObjectHideFlags: 0
  serializedVersion: 2
  m_Modification:
    m_TransformParent: {fileID: 5189145874936917832}
    m_Modifications:
    - target: {fileID: 2398827594208062067, guid: ec38e002988099c4f91d0d6e306d9cec, type: 3}
      propertyPath: m_SortingOrder
      value: -1
      objectReference: {fileID: 0}
    - target: {fileID: 2399585843713142011, guid: ec38e002988099c4f91d0d6e306d9cec, type: 3}
      propertyPath: m_SortingOrder
      value: -1
      objectReference: {fileID: 0}
    - target: {fileID: 2559884641716750125, guid: ec38e002988099c4f91d0d6e306d9cec, type: 3}
      propertyPath: m_RootOrder
      value: 0
      objectReference: {fileID: 0}
    - target: {fileID: 2559884641716750125, guid: ec38e002988099c4f91d0d6e306d9cec, type: 3}
      propertyPath: m_LocalPosition.x
      value: 0
      objectReference: {fileID: 0}
    - target: {fileID: 2559884641716750125, guid: ec38e002988099c4f91d0d6e306d9cec, type: 3}
      propertyPath: m_LocalPosition.y
      value: 0
      objectReference: {fileID: 0}
    - target: {fileID: 2559884641716750125, guid: ec38e002988099c4f91d0d6e306d9cec, type: 3}
      propertyPath: m_LocalPosition.z
      value: -0.062
      objectReference: {fileID: 0}
    - target: {fileID: 2559884641716750125, guid: ec38e002988099c4f91d0d6e306d9cec, type: 3}
      propertyPath: m_LocalRotation.w
      value: 0
      objectReference: {fileID: 0}
    - target: {fileID: 2559884641716750125, guid: ec38e002988099c4f91d0d6e306d9cec, type: 3}
      propertyPath: m_LocalRotation.x
      value: -0
      objectReference: {fileID: 0}
    - target: {fileID: 2559884641716750125, guid: ec38e002988099c4f91d0d6e306d9cec, type: 3}
      propertyPath: m_LocalRotation.y
      value: -1
      objectReference: {fileID: 0}
    - target: {fileID: 2559884641716750125, guid: ec38e002988099c4f91d0d6e306d9cec, type: 3}
      propertyPath: m_LocalRotation.z
      value: -0
      objectReference: {fileID: 0}
    - target: {fileID: 2559884641716750125, guid: ec38e002988099c4f91d0d6e306d9cec, type: 3}
      propertyPath: m_LocalEulerAnglesHint.x
      value: 0
      objectReference: {fileID: 0}
    - target: {fileID: 2559884641716750125, guid: ec38e002988099c4f91d0d6e306d9cec, type: 3}
      propertyPath: m_LocalEulerAnglesHint.y
      value: 0
      objectReference: {fileID: 0}
    - target: {fileID: 2559884641716750125, guid: ec38e002988099c4f91d0d6e306d9cec, type: 3}
      propertyPath: m_LocalEulerAnglesHint.z
      value: 0
      objectReference: {fileID: 0}
    - target: {fileID: 2561558374660534007, guid: ec38e002988099c4f91d0d6e306d9cec, type: 3}
      propertyPath: m_Name
      value: CO2
      objectReference: {fileID: 0}
    - target: {fileID: 8240673110540805650, guid: ec38e002988099c4f91d0d6e306d9cec, type: 3}
      propertyPath: m_SortingOrder
      value: -1
      objectReference: {fileID: 0}
    m_RemovedComponents: []
  m_SourcePrefab: {fileID: 100100000, guid: ec38e002988099c4f91d0d6e306d9cec, type: 3}
--- !u!1001 &8334645135491430405
PrefabInstance:
  m_ObjectHideFlags: 0
  serializedVersion: 2
  m_Modification:
    m_TransformParent: {fileID: 5189145874704064587}
    m_Modifications:
    - target: {fileID: 3571430441569734825, guid: fe4f5ff41256da44882bdb11a94507a3, type: 3}
      propertyPath: m_SortingOrder
      value: -1
      objectReference: {fileID: 0}
    - target: {fileID: 3572743835671616325, guid: fe4f5ff41256da44882bdb11a94507a3, type: 3}
      propertyPath: moveWithTransform
      value: 1
      objectReference: {fileID: 0}
    - target: {fileID: 6031455764557830465, guid: fe4f5ff41256da44882bdb11a94507a3, type: 3}
      propertyPath: moveWithTransform
      value: 1
      objectReference: {fileID: 0}
    - target: {fileID: 6935823102327871564, guid: fe4f5ff41256da44882bdb11a94507a3, type: 3}
      propertyPath: m_Name
      value: Powder_Dot
      objectReference: {fileID: 0}
    - target: {fileID: 6938371493565002134, guid: fe4f5ff41256da44882bdb11a94507a3, type: 3}
      propertyPath: m_RootOrder
      value: 0
      objectReference: {fileID: 0}
    - target: {fileID: 6938371493565002134, guid: fe4f5ff41256da44882bdb11a94507a3, type: 3}
      propertyPath: m_LocalPosition.x
      value: 0
      objectReference: {fileID: 0}
    - target: {fileID: 6938371493565002134, guid: fe4f5ff41256da44882bdb11a94507a3, type: 3}
      propertyPath: m_LocalPosition.y
      value: 0
      objectReference: {fileID: 0}
    - target: {fileID: 6938371493565002134, guid: fe4f5ff41256da44882bdb11a94507a3, type: 3}
      propertyPath: m_LocalPosition.z
      value: -0.0643
      objectReference: {fileID: 0}
    - target: {fileID: 6938371493565002134, guid: fe4f5ff41256da44882bdb11a94507a3, type: 3}
      propertyPath: m_LocalRotation.w
      value: 0
      objectReference: {fileID: 0}
    - target: {fileID: 6938371493565002134, guid: fe4f5ff41256da44882bdb11a94507a3, type: 3}
      propertyPath: m_LocalRotation.x
      value: 0
      objectReference: {fileID: 0}
    - target: {fileID: 6938371493565002134, guid: fe4f5ff41256da44882bdb11a94507a3, type: 3}
      propertyPath: m_LocalRotation.y
      value: 1
      objectReference: {fileID: 0}
    - target: {fileID: 6938371493565002134, guid: fe4f5ff41256da44882bdb11a94507a3, type: 3}
      propertyPath: m_LocalRotation.z
      value: 0
      objectReference: {fileID: 0}
    - target: {fileID: 6938371493565002134, guid: fe4f5ff41256da44882bdb11a94507a3, type: 3}
      propertyPath: m_LocalEulerAnglesHint.x
      value: 0
      objectReference: {fileID: 0}
    - target: {fileID: 6938371493565002134, guid: fe4f5ff41256da44882bdb11a94507a3, type: 3}
      propertyPath: m_LocalEulerAnglesHint.y
      value: 180
      objectReference: {fileID: 0}
    - target: {fileID: 6938371493565002134, guid: fe4f5ff41256da44882bdb11a94507a3, type: 3}
      propertyPath: m_LocalEulerAnglesHint.z
      value: 0
      objectReference: {fileID: 0}
    - target: {fileID: 7098111736945957440, guid: fe4f5ff41256da44882bdb11a94507a3, type: 3}
      propertyPath: m_SortingOrder
      value: -1
      objectReference: {fileID: 0}
    - target: {fileID: 7099605287519067336, guid: fe4f5ff41256da44882bdb11a94507a3, type: 3}
      propertyPath: m_SortingOrder
      value: -1
      objectReference: {fileID: 0}
    - target: {fileID: 7099779754599824794, guid: fe4f5ff41256da44882bdb11a94507a3, type: 3}
      propertyPath: moveWithTransform
      value: 1
      objectReference: {fileID: 0}
    - target: {fileID: 7132132672082416794, guid: fe4f5ff41256da44882bdb11a94507a3, type: 3}
      propertyPath: moveWithTransform
      value: 1
      objectReference: {fileID: 0}
    - target: {fileID: 8300368837536390708, guid: fe4f5ff41256da44882bdb11a94507a3, type: 3}
      propertyPath: m_SortingOrder
      value: -1
      objectReference: {fileID: 0}
    - target: {fileID: 8300368837536390708, guid: fe4f5ff41256da44882bdb11a94507a3, type: 3}
      propertyPath: m_RenderAlignment
      value: 2
      objectReference: {fileID: 0}
    - target: {fileID: 8300368837536390715, guid: fe4f5ff41256da44882bdb11a94507a3, type: 3}
      propertyPath: moveWithTransform
      value: 1
      objectReference: {fileID: 0}
    - target: {fileID: 8300368837688036067, guid: fe4f5ff41256da44882bdb11a94507a3, type: 3}
      propertyPath: m_SortingOrder
      value: -1
      objectReference: {fileID: 0}
    - target: {fileID: 8300368837688036067, guid: fe4f5ff41256da44882bdb11a94507a3, type: 3}
      propertyPath: m_RenderAlignment
      value: 1
      objectReference: {fileID: 0}
    - target: {fileID: 8300368837688036092, guid: fe4f5ff41256da44882bdb11a94507a3, type: 3}
      propertyPath: EmissionModule.m_BurstCount
      value: 1
      objectReference: {fileID: 0}
    - target: {fileID: 8300368837688036092, guid: fe4f5ff41256da44882bdb11a94507a3, type: 3}
      propertyPath: InitialModule.startSize.scalar
      value: 0.05
      objectReference: {fileID: 0}
    - target: {fileID: 8300368837688036092, guid: fe4f5ff41256da44882bdb11a94507a3, type: 3}
      propertyPath: InitialModule.startSize.minScalar
      value: 0.05
      objectReference: {fileID: 0}
    - target: {fileID: 8300368837688036092, guid: fe4f5ff41256da44882bdb11a94507a3, type: 3}
      propertyPath: EmissionModule.m_Bursts.Array.size
      value: 1
      objectReference: {fileID: 0}
    - target: {fileID: 8300368837688036092, guid: fe4f5ff41256da44882bdb11a94507a3, type: 3}
      propertyPath: InitialModule.startLifetime.scalar
      value: 1.3
      objectReference: {fileID: 0}
    - target: {fileID: 8300368837688036092, guid: fe4f5ff41256da44882bdb11a94507a3, type: 3}
      propertyPath: InitialModule.startLifetime.minScalar
      value: 0.5
      objectReference: {fileID: 0}
    m_RemovedComponents: []
  m_SourcePrefab: {fileID: 100100000, guid: fe4f5ff41256da44882bdb11a94507a3, type: 3}
